<record><leader>00000cas a22000007a 4500</leader><controlfield tag="001">24600030</controlfield><controlfield tag="008">911022d189819uuncuwr ne      0    0eng d</controlfield><datafield ind1=" " ind2=" " tag="010"><subfield code="a">sn 91068407 </subfield></datafield><datafield ind1=" " ind2=" " tag="040"><subfield code="a">NVJ</subfield><subfield code="b">eng</subfield><subfield code="c">NVJ</subfield><subfield code="d">OCLCQ</subfield></datafield><datafield ind1=" " ind2=" " tag="042"><subfield code="a">msc</subfield></datafield><datafield ind1="0" ind2="4" tag="245"><subfield code="a">The Times-mercury.</subfield></datafield><datafield ind1=" " ind2=" " tag="260"><subfield code="a">Hickory, N.C. :</subfield><subfield code="b">J.F. Click</subfield></datafield><datafield ind1=" " ind2=" " tag="300"><subfield code="a">v.</subfield></datafield><datafield ind1=" " ind2=" " tag="310"><subfield code="a">Weekly</subfield></datafield><datafield ind1="0" ind2=" " tag="362"><subfield code="a">Vol. 7, no. 42 (Jan. 5, 1898)-</subfield></datafield><datafield ind1=" " ind2=" " tag="752"><subfield code="a">United States</subfield><subfield code="b">North Carolina</subfield><subfield code="c">Catawba</subfield><subfield code="d">Hickory.</subfield></datafield><datafield ind1="0" ind2="4" tag="780"><subfield code="t">Hickory times</subfield><subfield code="w">(DLC)sn 91068406</subfield></datafield><datafield ind1="0" ind2="4" tag="780"><subfield code="t">Hickory mercury</subfield><subfield code="w">(DLC)sn 91068405</subfield></datafield></record>